@article{arzapalo2024risk,
  title={Risk Factors Associated with the Increase in Cancer in Mexico},
  author={Arzapalo, Perla Yareli Guti{\'e}rrez and Guti{\'e}rrez-Grijalva, Erick Paul},
  journal={Revista M{\'e}dica de la Universidad Aut{\'o}noma de Sinaloa REVMEDUAS},
  volume={14},
  number={2},
  pages={110--112},
  year={2024}
}

@online{INCan2025,
  author = {{Instituto Nacional de Cancerología (INCan)}},
  title = {INCan informa resultados del primer programa gratuito en México de detección de cáncer de pulmón},
  year = {2025},
  url = {https://www.gob.mx/salud/prensa/094-incan-informa-resultados-del-primer-programa-gratuito-en-mexico-de-deteccion-de-cancer-de-pulmon},
  note = {Último acceso: 28 de marzo de 2025}
}

@misc{WHO2025,
    author = {{World Health Organization}},
    title = {Lung Cancer},
    year = {2025},
    url = {https://www.who.int/es/news-room/fact-sheets/detail/lung-cancer},
    note = {Último acceso: 29 de marzo de 2025}
}
@online{OMS2017diagnosis,
    author       = {{Organización Mundial de la Salud}},
    title        = {Early cancer diagnosis saves lives, cuts treatment costs},
    year         = {2017},
    url          = {https://www.who.int/es/news/item/03-02-2017-early-cancer-diagnosis-saves-lives-cuts-treatment-costs},
    note         = {Accedido el 29 de marzo de 2025}
}
@online{MNT2025,
  author = {{Medical News Today}},
  title = {Imágenes de cáncer de pulmón: radiografías y más},
  year = {2025},
  url = {https://www.medicalnewstoday.com/articles/es/imagenes-de-cancer-de-pulmon-radiografias-y-mas#sintomas},
  note = {Accedido: marzo 2025}
}
@online{GobSalud2025,
  author = {{Gobierno de México - Secretaría de Salud}},
  title = {Cada año mueren cerca de ocho mil mexicanos por cáncer de pulmón},
  year = {2025},
  url = {https://www.gob.mx/salud/prensa/145-cada-ano-mueren-cerca-de-ocho-mil-mexicanos-por-cancer-de-pulmon?idiom=es},
  note = {Accedido: marzo 2025}
}

@online{INSP2025,
  author = {{Instituto Nacional de Salud Pública}},
  title = {México frente al cáncer de pulmón},
  year = {2025},
  url = {https://www.insp.mx/avisos/mexico-frente-al-cancer-de-pulmon},
  note = {Accedido: marzo 2025}
}
@online{ACS2025,
  author = {ACS},
  title = {Lung Cancer Survival Rates},
  year = {2025},
  url = {https://www.cancer.org/cancer/types/lung-cancer/detection-diagnosis-staging/survival-rates.html},
  note = {Accedido: marzo 2025}
}
@misc{mayoclinic_lung_cancer,
  author = {{Mayo Clinic}},
  title = {Cáncer de pulmón},
  year = {2025},
  url = {https://www.mayoclinic.org/es/diseases-conditions/lung-cancer/diagnosis-treatment/drc-20374627},
  note = {Accedido: 2025-03-29}
}
@misc{anticancerlifestyle,
  author = {{Anticancer Lifestyle}},
  title = {2022 Global Cancer Statistics},
  year = {2022},
  url = {https://anticancerlifestyle.org/es/resources/2022-global-cancer-statistics/},
  note = {Accedido: 2025-03-29}
}
@misc{cancerorg,
  author = {{American Cancer Society}},
  title = {Lung Cancer Statistics},
  year = {2022},
  url = {https://www.cancer.org/es/cancer/tipos/cancer-de-pulmon/acerca/estadisticas-clave},
  note = {Accedido: 2025-03-29}
}
@misc{who,
  author = {World Health Organization (WHO)},
  title = {Cancer de pulmón},
  year = {2022},
  url = {https://www.who.int/es/news-room/fact-sheets/detail/lung-cancer},
  note = {Accedido: 2025-03-29}
}

@misc{cancer_american,
  author = {{ACS}},
  title = {Estadísticas clave sobre el cáncer de pulmón},
  year = {2025},
  url = {https://www.cancer.org/es/cancer/tipos/cancer-de-pulmon/acerca/estadisticas-clave.html},
  note = {Accedido: 29 de marzo de 2025}
}
@misc{UAI2025,
    author = {{Borrelli, J. y Molina, D.}},
    title = {Diagnóstico de cáncer de pulmón mediante Inteligencia Artificial},
    year = {2025},
    url = {https://dspaceapi.uai.edu.ar/server/api/core/bitstreams/796d68ae-302d-40d0-b567-68510c69b5e1/content},
    note = {Accedido el 29 de marzo de 2025}
}
@article{roche2025,
    title = {{Inteligencia Artificial para el Cáncer de Pulmón}},
    author = {Roche Plus},
    year = {2025},
    journal = {Roche Plus},
    url = {https://www.rocheplus.es/innovacion/inteligencia-artificial/ia-para-cancer-pulmon.html}
}

@article{labmedica2025,
    title = {{Herramienta de IA ve firmas genéticas del cáncer en imágenes de biopsias}},
    author = {LabMedica},
    year = {2025},
    journal = {LabMedica},
    url = {https://www.labmedica.es/patologia/articles/294803169/herramienta-de-ia-ve-firmas-geneticas-del-cancer-en-imagenes-de-biopsias.html}
}

% Referencia al algoritmo del Hospital del Mar
@article{hospitaldelmar2025,
    title = {{La IA predice el pronóstico y respuesta al tratamiento del cáncer de pulmón a partir de biopsias}},
    author = {Hospital del Mar},
    year = {2025},
    journal = {Hospital del Mar},
    url = {https://www.hospitaldelmar.cat/media/upload/pdf/NP_IA_diagnostic_cancer_pulmo_CAST_1637081936.pdf}
}

# Data set de imagenes
@online{500images, 
        title= {LC25000 Lung and colon histopathological image dataset}, 
        keywords= {cancer,histopathology}, 
        author= {Andrew A. Borkowski and Marilyn M. Bui and L. Brannon Thomas and Catherine P. Wilson and Lauren A. DeLand and Stephen M. Mastorides}, 
        url= {https://github.com/tampapath/lung_colon_image_set} }

@article{CNN1,
    author = {Hatuwal, B.K. and Thapa, H.C},
    title = {Lung Cancer Detection Using Convolutional Neural Network on Histopathological Images},
    journal = {International Journal of Computer Trends and Technology},
    volume = {68},
    number = {10},
    pages = {21-24},
    year = {Octubre 2020},
    doi = {10.14445/22312803/IJCTT-V68I10P104}
}

@article{CNN2,
    author = {S. Mangal and A. Chaurasia and A. Khajanchi},
    title = {Convolution neural networks for diagnosing colon and lung cancer histopathological images},
    journal = {arXiv},
    year = {2020},
    doi = {arXiv:2009.03878}
}

@article{modelo_XGBClassifier,
    author = {Aya Hage Chehade and Nassib Abdallah and Jean-Marie Marion and Mohamad Oueidat and Pierre Chauvet},
    title = {Lung and colon cancer classification using medical imaging: a feature engineering approach},
    journal = {Australasian Physical and Engineering Sciences in Medicine},
    year = {2022},
    volume = {45},
    number = {3}, 
    pages = {729-746},
    doi = {10.1007/s13246-022-01139-x}
}